@inproceedings{waechter06,
 author = {Carsten W\"{a}chter and Alexander Keller},
 title  = { Instant Ray Tracing: The Bounding Interval Hierarchy},
 booktitle = {Proceedings of the 17th Eurographics Symposium on Rendering},
 year   = {2006}
}

@inproceedings{Karras:2012:MPC:2383795.2383801,
 author = {Karras, Tero},
 title = {Maximizing Parallelism in the Construction of BVHs, Octrees, and K-d Trees},
 booktitle = {Proceedings of the Fourth ACM SIGGRAPH / Eurographics Conference on High-Performance Graphics},
 series = {EGGH-HPG'12},
 year = {2012},
 isbn = {978-3-905674-41-5},
 location = {Paris, France},
 pages = {33--37},
 numpages = {5},
 url = {http://dx.doi.org/10.2312/EGGH/HPG12/033-037},
 doi = {10.2312/EGGH/HPG12/033-037},
 acmid = {2383801},
 publisher = {Eurographics Association},
 address = {Aire-la-Ville, Switzerland, Switzerland}
} 

@Book{Glassner,
  author =    {Andrew S. Glassner},
  title =        {An Introduction to Ray Tracing},
  publisher =    {Morgan Kaufmann Publishers},
  year =         {1989}
}

@article{Bentley75,
 author = {Jon Louis Bentley},
 title = {Multidimensional binary search trees used for associative searching},
 journal = {Commun. ACM},
 volume = 18,
 number = 9,
 year = 1975,
 issn = {0001-0782},
 pages = {509--517},
 doi = {http://doi.acm.org/10.1145/361002.361007},
 publisher = {ACM Press},
}

@book{Pharr:2010:PBR:1854996,
 author = {Pharr, Matt and Humphreys, Greg},
 title = {Physically Based Rendering, Second Edition: From Theory To Implementation},
 year = {2010},
 isbn = {0123750792, 9780123750792},
 edition = {2nd},
 publisher = {Morgan Kaufmann Publishers Inc.},
 address = {San Francisco, CA, USA},
}

@phdthesis{veach1997robust,
  title={Robust monte carlo methods for light transport simulation},
  author={Veach, Eric},
  year={1997},
  school={Stanford University}
}

@article{Kettunen2015sg,
author = {Markus Kettunen and Marco Manzi and Miika Aittala and Jaakko Lehtinen and Fr\'{e}do Durand and Matthias Zwicker},
title = {Gradient-Domain Path Tracing},
journal = {ACM Trans. Graph.},
year = {2015},
volume = {34},
number = {4}
}

@article{Whitted:1980:IIM:358876.358882,
 author = {Whitted, Turner},
 title = {An Improved Illumination Model for Shaded Display},
 journal = {Commun. ACM},
 issue_date = {June 1980},
 volume = {23},
 number = {6},
 month = jun,
 year = {1980},
 issn = {0001-0782},
 pages = {343--349},
 numpages = {7},
 url = {http://doi.acm.org/10.1145/358876.358882},
 doi = {10.1145/358876.358882},
 acmid = {358882},
 publisher = {ACM},
 address = {New York, NY, USA},
 keywords = {computer animation, computer graphics, raster displays, shading, visible surface algorithms}
} 



